 @incollection{psyki-extraamas2022,
    author = {Magnini, Matteo and Ciatto, Giovanni and Omicini, Andrea},
    booktitle = {Proceedings of the 4th International Workshop on EXplainable and TRAnsparent AI and Multi-Agent Systems},
    chapter = 6,
    isbn = {978-3-031-15564-2},
    keywords = {Symbolic Knowledge Injection, Explainable AI, XAI, Neural Networks, PSyKI},
    publisher = {Springer},
    series = {Lecture Notes in Computer Science},
    title = {On the Design of {PSyKI}: a Platform for Symbolic Knowledge Injection into Sub-Symbolic Predictors},
    volume = 13283,
    year = 2022} 

@inproceedings{kins-cilc2022,
    author = {Magnini, Matteo and Ciatto, Giovanni and Omicini, Andrea},
    booktitle = {CILC 2022 -- Italian Conference on Computational Logic},
    editor = {Calegari, Roberta and Ciatto, Giovanni and Omicini, Andrea},
    issn = {1613-0073},
    keywords = {neural network; explainable AI; symbolic knowledge injection; KINS; PSyKI},
    pages = {254--267},
    publisher = {CEUR-WS},
    series = ceurws,
    subseries = {AI*IA Series},
    title = {{KINS}: Knowledge Injection via Network Structuring},
    url = {http://ceur-ws.org/Vol-3204/paper_25.pdf},
    url-pdf = {http://ceur-ws.org/Vol-3204/paper_25.pdf},
    volume = 3204,
    year = 2022} 